<?xml version="1.0" encoding="UTF-8"?><collection xmlns="http://www.loc.gov/MARC21/slim"><record><leader>00574nam--2200181-u-4500</leader><controlfield tag="001">000053296</controlfield><controlfield tag="002">20161230</controlfield><controlfield tag="005">20161230201051</controlfield><controlfield tag="008">110125s1000------------r-----000-0-fre-d</controlfield><datafield ind1=" " ind2=" " tag="040"><subfield code="a">IFIN-HH</subfield></datafield><datafield ind1=" " ind2=" " tag="041"><subfield code="a">fre</subfield></datafield><datafield ind1=" " ind2=" " tag="080"><subfield code="a">535.(043)</subfield></datafield><datafield ind1="1" ind2=" " tag="100"><subfield code="a">Nouchi, Irene</subfield></datafield><datafield ind1="1" ind2="0" tag="245"><subfield code="a">Etude theorique et experimentale de la propagation de la lumiere dans une fibre optique fortement multimodale a saut d'indice et a gaine absorbante</subfield><subfield code="b">These</subfield><subfield code="c">Irene nouchi</subfield></datafield><datafield ind1=" " ind2=" " tag="260"><subfield code="a">Orsay</subfield><subfield code="b">Universite De Paris-sud</subfield><subfield code="c">/F.A.</subfield></datafield><datafield ind1=" " ind2=" " tag="300"><subfield code="a">137P</subfield></datafield><datafield ind1=" " ind2=" " tag="852"><subfield code="a">48428</subfield><subfield code="c">535</subfield></datafield><datafield ind1=" " ind2=" " tag="CAT"><subfield code="a">Sys</subfield><subfield code="c">20110125</subfield><subfield code="h">142226</subfield></datafield></record></collection>